%AI testovanie GUI
@inproceedings{6926420,
  author={Rauf, Abdul and Alanazi, Mohammad N.},
  booktitle={2014 9th International Conference on Computer Science   Education},
  title={Using artificial intelligence to automatically test GUI}, 
  year={2014},
  pages={3-5},
  doi={10.1109/ICCSE.2014.6926420}
}

%SE maria bielikova
@inproceedings{swemb,
	author = "Mária Bieliková",
	title = "Softvérové inžinierstvo - Princípy a manažment",
	institution = "Slovenská technická univerzita v Bratislave Fakulta elektrotechniky a informatiky",
	address = "Ilkovičova 3, 812 19 Bratislava",
	year = 2000,
	number = "ISBN 80-227-1322-8",
}

@inproceedings{CSEroadmap,
title = {Continuous software engineering: A roadmap and agenda},
journal = {Journal of Systems and Software},
volume = {123},
pages = {176-189},
year = {2017},
issn = {0164-1212},
doi = {https://doi.org/10.1016/j.jss.2015.06.063},
howpublished  = {\url{https://www.sciencedirect.com/science/article/pii/S0164121215001430}},
author = {Brian Fitzgerald and Klaas-Jan Stol},
keywords = {Continuous software engineering, Lean software development, DevOps},
}

@inproceedings{AIvMed,
title = {Umelá inteligencia v medicíne},
year = {2019},
howpublished  = {\url{http://www.lf.upjs.sk/ceea/doc5/texty/19%20Trenkler%20Umela%20inteligencia%20v%20medicine%20%20CEEA%202019.pdf}},
author = {Štefan Trenkler},
}

@inproceedings{testovanie,
title = {Proces testovania softvérových produktov THE SOFTWARE PRODUCTS TESTING PROCESS},
howpublished  = {\url{https://www.mtf.stuba.sk/buxus/docs/internetovy_casopis/2005/5/tanuska.pdf}},
author = {Doc. Ing. Pavol Tanuška PhD. Doc. Ing. Peter Schreiber CSc. },
institution = {Katedra aplikovanej informatiky a automatizácie, Materiálovotechnologická fakulta STU},
address = {Paulínska 16, 917 24 Trnava},
email = { tanuska@mtf.stuba.sk schreibe@mtf.stuba.sk},
keywords = {testovanie, verifikácia, validácia, spoľahlivosť, metriky, cyklus životný, testing, verification, validation, reliability, metrics, life cycle 
},
}